<?xml version="1.0" encoding="UTF-8"?><record xmlns="http://www.loc.gov/MARC21/slim" xmlns:cinclude="http://apache.org/cocoon/include/1.0" xmlns:zs="http://www.loc.gov/zing/srw/">
  <leader>00419nz  a2200145n  4500</leader>
  <controlfield tag="001">no 98008019 </controlfield>
  <controlfield tag="003">DLC</controlfield>
  <controlfield tag="005">19980109053001.9</controlfield>
  <controlfield tag="008">980108n| acannaab|          |n aad     c</controlfield>
  <datafield tag="010" ind1=" " ind2=" ">
    <subfield code="a">no 98008019 </subfield>
  </datafield>
  <datafield tag="035" ind1=" " ind2=" ">
    <subfield code="a">(OCoLC)oca04582147 </subfield>
  </datafield>
  <datafield tag="040" ind1=" " ind2=" ">
    <subfield code="a">OCoLC</subfield>
    <subfield code="c">OCoLC</subfield>
  </datafield>
  <datafield tag="100" ind1="1" ind2="0">
    <subfield code="a">Makeever, Ray</subfield>
  </datafield>
  <datafield tag="667" ind1=" " ind2=" ">
    <subfield code="a">Machine-derived authority record.</subfield>
  </datafield>
  <datafield tag="670" ind1=" " ind2=" ">
    <subfield code="a">LCCN 88-771416: Makeever, R. With all your heart, c1984:</subfield>
    <subfield code="b">(usage: Ray Makeever)</subfield>
  </datafield>
</record>